@inproceedings{lorensen1987marching,
  title={Marching cubes: A high resolution 3D surface construction algorithm},
  author={Lorensen, William E and Cline, Harvey E},
  booktitle={ACM siggraph computer graphics},
  volume={21},
  number={4},
  pages={163--169},
  year={1987},
  organization={ACM}
}
@article{hwang2012context,
  title={A context-aware ubiquitous learning approach to conducting scientific inquiry activities in a science park},
  author={Hwang, Gwo-Jen and Tsai, Chin-Chung and Chu, Hui-Chun and Kinshuk, Kinshuk and Chen, Chieh-Yuan},
  journal={Australasian Journal of Educational Technology},
  volume={28},
  number={5},
  year={2012}
}
@article{martin2015augmented,
  title={Augmented reality to promote collaborative and autonomous learning in higher education},
  author={Mart{\'\i}n-Guti{\'e}rrez, Jorge and Fabiani, Pe{\~n}a and Benesova, Wanda and Meneses, Mar{\'\i}a Dolores and Mora, Carlos E},
  journal={Computers in human behavior},
  volume={51},
  pages={752--761},
  year={2015},
  publisher={Elsevier}
}
@article{azuma1997survey,
  title={A survey of augmented reality},
  author={Azuma, Ronald T},
  journal={Presence: Teleoperators \& Virtual Environments},
  volume={6},
  number={4},
  pages={355--385},
  year={1997},
  publisher={MIT Press}
}



@article{flavian2018impact,
  title={The impact of virtual, augmented and mixed reality technologies on the customer experience},
  author={Flavi{\'a}n, Carlos and Ib{\'a}{\~n}ez-S{\'a}nchez, Sergio and Or{\'u}s, Carlos},
  journal={Journal of Business Research},
  year={2018},
  publisher={Elsevier}
}

@misc{selenium, title={Selenium docs : https://www.seleniumhq.org/docs/}, url={https://www.seleniumhq.org/docs/}, journal={Selenium Documentation - Selenium Documentation}}

@article{cockburn2001agile,
  title={Agile software development: The people factor},
  author={Cockburn, Alistair and Highsmith, Jim},
  journal={Computer},
  number={11},
  pages={131--133},
  year={2001},
  publisher={IEEE}
}

@article{beck2001manifesto,
  title={Manifesto for agile software development},
  author={Beck, Kent and Beedle, Mike and Van Bennekum, Arie and Cockburn, Alistair and Cunningham, Ward and Fowler, Martin and Grenning, James and Highsmith, Jim and Hunt, Andrew and Jeffries, Ron and others},
  year={2001}
}


@article{sugimori1977toyota,
  title={Toyota production system and kanban system materialization of just-in-time and respect-for-human system},
  author={Sugimori, Y and Kusunoki, K and Cho, F and UCHIKAWA, SJTIJOPR},
  journal={The international journal of production research},
  volume={15},
  number={6},
  pages={553--564},
  year={1977},
  publisher={Taylor \& Francis}
}

@book{pittman1993lessons,
  title={Object solutions: managing the object-oriented project},
  author={Booch, Grady},
  volume={1380},
  year={1996},
  publisher={Addison-Wesley Redwood City, California}
}


@misc{quickopen, title={Nuclide Code Search: https://nuclide.io/blog/2017/08/31/Code-Search/}, url={https://nuclide.io/blog/2017/08/31/Code-Search/}, journal={Nuclide}, publisher={a20012251}, author={a20012251}, year={2017}, month={Aug}}

@misc{nuclide, title={Nuclide docs: https://nuclide.io/docs/editor/ }, url={https://nuclide.io/docs/editor/basics/}, journal={Nuclide}}

@misc{atom, title={Atom docs: https://atom.io/ }, url={https://atom.io/}, journal={Atom}}

@misc{unity, title={Unity User Manual (2019.1)}, url={https://docs.unity3d.com/Manual/index.html}, journal={Unity}, author={Technologies, Unity}}

@misc{android_studio, title={Android docs: https://developer.android.com/docs }, url={https://developer.android.com/docs}, journal={Android Developers}}

@misc{firebase, title={Firebase: https://firebase.google.com/docs/web/setup}, url={https://firebase.google.com/docs/web/setup}, journal={Google}, publisher={Google}}

@misc{firebase_realtime, title={Firebase Realtime Database: https://firebase.google.com/docs/database/ }, url={https://firebase.google.com/docs/database/}, journal={Google}, publisher={Google}}

@misc{sceneform, title={Sceneform docs:https://developers.google.com/ar/develop/java/sceneform }, url={https://developers.google.com/ar/develop/java/sceneform/}, journal={Google}, publisher={Google}}


@misc{sfa, title={Sceneform asset file reference | ARCore | Google Developers}, url={https://developers.google.com/ar/develop/java/sceneform/sfa}, journal={Google}, publisher={Google}}


@misc{ionidocs, title={Ionic Docs: https://ionicframework.com/docs/v3/intro/}, url={https://ionicframework.com/docs/v3/intro/installation/}, journal={Ionic Framework}, author={Ionicframework}}

@misc{ionicli, title={Installing the Ionic Framework: https://ionicframework.com/docs/v3/intro/installation/}, url={https://ionicframework.com/docs/v3/intro/installation/}, journal={Ionic Framework}, author={Ionicframework}}

@misc{angularjs, title={AngualrJS Docs: https://docs.angularjs.org/guide/introduction}, url={https://docs.angularjs.org/guide/introduction}, journal={AngularJS}}

@misc{typescript, title={Typescript Docs: https://www.typescriptlang.org/docs/home.html}, url={https://www.typescriptlang.org/docs/home.html}, journal={Documentation Â· TypeScript}}

@misc{arcore, title={ARCore docs: https://developers.google.com/ar/reference/}, url={https://developers.google.com/ar/reference/}, journal={Google}, publisher={Google}}

@misc{arkit, title={ARKit docs: https://developer.apple.com/documentation/arkit}, url={https://developer.apple.com/documentation/arkit}, journal={ARKit | Apple Developer Documentation}}

@misc{npm, title={NPM docs: https://docs.npmjs.com/about-npm/}, url={https://docs.npmjs.com/about-npm/}, journal={About npm | npm Documentation}}


@misc{blender, title={Blender docs: https://wiki.blender.org/wiki/Main_Page}, url={https://wiki.blender.org/wiki/Main_Page}, journal={Blender Developer Wiki}}

@misc{arcore_codelab, title={Introduction to ARCore in Unity }, url={https://codelabs.developers.google.com/codelabs/arcore-intro/#0}, journal={Google}, publisher={Google}}

@misc{wikiencoder, title={Wikitude Encoder docs: https://www.wikitude.com/external/doc/documentation/latest/android/encoder.html#wikitude-3d-encoder}, url={https://www.wikitude.com/external/doc/documentation/latest/android/encoder.html#wikitude-3d-encoder}, journal={Wikitude 3D Encoder Wikitude SDK Android 8.4.0 Documentation}}


@misc{wikitude_docs, title={Wikitude docs: https://www.wikitude.com/external/doc/documentation/latest/phonegap/gettingstartedphonegap.html#getting-started-cordova-plugin}, url={https://www.wikitude.com/external/doc/documentation/latest/phonegap/gettingstartedphonegap.html#getting-started-cordova-plugin}, journal={Getting started Cordova Plugin Wikitude SDK Cordova 8.4.0-3.6.0 Documentation}}

@misc{instant_tracking, title={Wikitude SDK API - Instant Tracking: https://www.wikitude.com/external/doc/documentation/latest/Reference/JavaScript API/classes/InstantTracker.html}, url={https://www.wikitude.com/external/doc/documentation/latest/Reference/JavaScript API/classes/InstantTracker.html}, journal={InstantTracker - Wikitude SDK API Reference}}

@misc{cordova_docs, title={Apache docs: https://cordova.apache.org/docs/en/latest/}, url={https://cordova.apache.org/docs/en/latest/}, journal={Documentation - Apache Cordova}} 

@MISC{slam,
author = {},
title = {Simultaneous Localization and Mapping: Part I},
year = {}
}

@misc{android_stat, title={Distribution dashboard | Android Developers}, url={https://developer.android.com/about/dashboards}, journal={Android Developers}}
